@inproceedings{MouraB08,
  author       = {Leonardo Mendon{\c{c}}a de Moura and
                  Nikolaj S. Bj{\o}rner},
  editor       = {C. R. Ramakrishnan and
                  Jakob Rehof},
  title        = {{Z3:} An Efficient {SMT} Solver},
  booktitle    = {Tools and Algorithms for the Construction and Analysis of Systems,
                  14th International Conference, {TACAS} 2008, Held as Part of the Joint
                  European Conferences on Theory and Practice of Software, {ETAPS} 2008,
                  Budapest, Hungary, March 29-April 6, 2008. Proceedings},
  series       = {Lecture Notes in Computer Science},
  volume       = {4963},
  pages        = {337--340},
  publisher    = {Springer},
  year         = {2008},
  url          = {https://doi.org/10.1007/978-3-540-78800-3\_24},
  doi          = {10.1007/978-3-540-78800-3\_24},
  timestamp    = {Mon, 03 Apr 2023 17:23:33 +0200},
  biburl       = {https://dblp.org/rec/conf/tacas/MouraB08.bib},
  bibsource    = {dblp computer science bibliography, https://dblp.org}
}

@inproceedings{MomtazAB23,
  author       = {Anik Momtaz and
                  Houssam Abbas and
                  Borzoo Bonakdarpour},
  editor       = {Sayan Mitra and
                  Nalini Venkatasubramanian and
                  Abhishek Dubey and
                  Lu Feng and
                  Mahsa Ghasemi and
                  Jonathan Sprinkle},
  title        = {Monitoring Signal Temporal Logic in Distributed Cyber-physical Systems},
  booktitle    = {Proceedings of the {ACM/IEEE} 14th International Conference on Cyber-Physical
                  Systems, {ICCPS} 2023, (with CPS-IoT Week 2023), San Antonio, TX,
                  USA, May 9-12, 2023},
  pages        = {154--165},
  publisher    = {{ACM}},
  year         = {2023},
  doi          = {10.1145/3576841.3585937},
  timestamp    = {Wed, 17 May 2023 21:55:49 +0200},
  biburl       = {https://dblp.org/rec/conf/iccps/MomtazAB23.bib},
  bibsource    = {dblp computer science bibliography, https://dblp.org}
}

@inproceedings{GangulyMB20,
  author       = {Ritam Ganguly and
                  Anik Momtaz and
                  Borzoo Bonakdarpour},
  editor       = {Quentin Bramas and
                  Rotem Oshman and
                  Paolo Romano},
  title        = {Distributed Runtime Verification Under Partial Synchrony},
  booktitle    = {24th International Conference on Principles of Distributed Systems,
                  {OPODIS} 2020, December 14-16, 2020, Strasbourg, France (Virtual Conference)},
  series       = {LIPIcs},
  volume       = {184},
  pages        = {20:1--20:17},
  publisher    = {Schloss Dagstuhl - Leibniz-Zentrum f{\"{u}}r Informatik},
  year         = {2020},
  doi          = {10.4230/LIPIcs.OPODIS.2020.20},
  timestamp    = {Thu, 16 Sep 2021 18:08:23 +0200},
  biburl       = {https://dblp.org/rec/conf/opodis/GangulyMB20.bib},
  bibsource    = {dblp computer science bibliography, https://dblp.org}
}

@article{MalerN13,
  author       = {Oded Maler and
                  Dejan Nickovic},
  title        = {Monitoring properties of analog and mixed-signal circuits},
  journal      = {Int. J. Softw. Tools Technol. Transf.},
  volume       = {15},
  number       = {3},
  pages        = {247--268},
  year         = {2013},
  doi          = {10.1007/s10009-012-0247-9},
  timestamp    = {Thu, 02 Apr 2020 08:37:33 +0200},
  biburl       = {https://dblp.org/rec/journals/sttt/MalerN13.bib},
  bibsource    = {dblp computer science bibliography, https://dblp.org}
}

@inproceedings{HavelundR02,
  author       = {Klaus Havelund and
                  Grigore Rosu},
  editor       = {Joost{-}Pieter Katoen and
                  Perdita Stevens},
  title        = {Synthesizing Monitors for Safety Properties},
  booktitle    = {Tools and Algorithms for the Construction and Analysis of Systems,
                  8th International Conference, {TACAS} 2002, Held as Part of the Joint
                  European Conference on Theory and Practice of Software, {ETAPS} 2002,
                  Grenoble, France, April 8-12, 2002, Proceedings},
  series       = {Lecture Notes in Computer Science},
  volume       = {2280},
  pages        = {342--356},
  publisher    = {Springer},
  year         = {2002},
  url          = {https://doi.org/10.1007/3-540-46002-0\_24},
  doi          = {10.1007/3-540-46002-0\_24},
  timestamp    = {Mon, 15 Jun 2020 17:06:24 +0200},
  biburl       = {https://dblp.org/rec/conf/tacas/HavelundR02.bib},
  bibsource    = {dblp computer science bibliography, https://dblp.org}
}

@misc{USNRCPWR,
    author = {{USNRC}},
    title = {Pressurized Water Reactor Systems},
    month = {March},
    year = {2021},
    note = {\url{https://www.nrc.gov/reading-rm/basic-ref/students/for-educators/04.pdf}},
}